<?xml version="1.0" encoding="UTF-8"?><record xmlns="http://www.loc.gov/MARC21/slim" xmlns:cinclude="http://apache.org/cocoon/include/1.0" xmlns:zs="http://www.loc.gov/zing/srw/">
  <leader>00525nz  a2200133n  4500</leader>
  <controlfield tag="001">n 2005171341</controlfield>
  <controlfield tag="003">DLC</controlfield>
  <controlfield tag="005">20050314103410.0</controlfield>
  <controlfield tag="008">050314n| acannaabn          |a aaa      </controlfield>
  <datafield tag="010" ind1=" " ind2=" ">
    <subfield code="a">n 2005171341</subfield>
  </datafield>
  <datafield tag="040" ind1=" " ind2=" ">
    <subfield code="a">DLC</subfield>
    <subfield code="b">eng</subfield>
    <subfield code="c">DLC</subfield>
  </datafield>
  <datafield tag="100" ind1="1" ind2=" ">
    <subfield code="a">Ross, Martha Ann Kellogg</subfield>
  </datafield>
  <datafield tag="400" ind1="1" ind2=" ">
    <subfield code="a">Kellogg, Martha Ann</subfield>
  </datafield>
  <datafield tag="670" ind1=" " ind2=" ">
    <subfield code="a">NUCMC data from Washington State Historical Society for Ross, F.C. Papers, 1828-1947</subfield>
    <subfield code="b">(Martha Ann (Kellogg) Ross; originally of Pittsfield, Mass.; m. Marcellus Ross, Pittsfield, Ill.; mother of Frank C. Ross, Tacoma, Wash.)</subfield>
  </datafield>
</record>